


%Bambade, Philip, et al. "The International Linear Collider: A Global Project." arXiv preprint arXiv:1903.01629 (2019).


@article{currdetector,
    author="Philip Bambade and Tim Barklow and Ties Behnke and Mikael Berggren and James Brau and Philip Burrows and Dmitri Denisov and Angeles Faus-Golfe and Brian Foster and Keisuke Fujii and Juan Fuster and Frank Gaede and Paul Grannis and Christophe Grojean and Andrew Hutton and Benno List and Jenny List and Shinichiro Michizono and Akiya Miyamoto and Olivier Napoly and Michael Peskin and Roman Poeschl and Frank Simon and Jan Strube and Junping Tian and Maksym Titov and Marcel Vos and Andrew White and Graham Wilson and Akira Yamamoto and Hitoshi Yamamoto and Kaoru Yokoya",
    title="The International Linear Collider: A Global Project",

    year="2019",
    eprint="1903.01629",
    archivePrefix="arXiv",
    primaryClass="hep-ex"
}
%Bethke, Siegfried, et al. "Experimental investigation of the energy dependence of the strong coupling strength." Physics Letters B 213.2 (1988): 235-241.

@article{qcdycut,
    author = "Bethke, S. and others",
    collaboration = "JADE",
    title = "{Experimental Investigation of the Energy Dependence of the Strong Coupling Strength}",
    reportNumber = "DESY-88-105",
    doi = "10.1016/0370-2693(88)91032-5",
    journal = "Phys. Lett. B",
    volume = "213",
    pages = "235--241",
    year = "1988"
}
%Cacciari, Matteo, Gavin P. Salam, and Gregory Soyez. "FastJet user manual." The European Physical Journal C 72.3 (2012): 1896.


@article{fastjet,
    author = "Cacciari, Matteo and Salam, Gavin P. and Soyez, Gregory",
    title = "{FastJet User Manual}",
    eprint = "1111.6097",
    archivePrefix = "arXiv",
    primaryClass = "hep-ph",
    reportNumber = "CERN-PH-TH-2011-297",
    doi = "10.1140/epjc/s10052-012-1896-2",
    journal = "Eur. Phys. J. C",
    volume = "72",
    pages = "1896",
    year = "2012"
}
	
	%Catani, Stefano, et al. "Longitudinally-invariant k‚ä•-clustering algorithms for hadron-hadron collisions." Nuclear Physics B 406.1-2 (1993): 187-224.
@article{kt,
    author = "Catani, S. and Dokshitzer, Yuri L. and Seymour, M.H. and Webber, B.R.",
    title = "{Longitudinally invariant $K_t$ clustering algorithms for hadron hadron collisions}",
    reportNumber = "CERN-TH-6775-93, LU-TP-93-2",
    doi = "10.1016/0550-3213(93)90166-M",
    journal = "Nucl. Phys. B",
    volume = "406",
    pages = "187--224",
    year = "1993"
}
		
%Dokshitzer, Yu L., et al. "Better jet clustering algorithms." Journal of High Energy Physics 1997.08 (1997): 001.
@article{ycut,
    author = "Dokshitzer, Yuri L. and Leder, G.D. and Moretti, S. and Webber, B.R.",
    title = "{Better jet clustering algorithms}",
    eprint = "hep-ph/9707323",
    archivePrefix = "arXiv",
    reportNumber = "CAVENDISH-HEP-97-06",
    doi = "10.1088/1126-6708/1997/08/001",
    journal = "JHEP",
    volume = "08",
    pages = "001",
    year = "1997"
}

@article{pdg,
    title = {Review of Particle Physics},
    author = {Tanabashi, M. and others},
    collaboration = {Particle Data Group},
    doi = {10.1103/PhysRevD.98.030001},
    journal = {Phys. Rev. D},
    volume = {98},
    number = {3},
    pages = {030001},
    year = {2018}
}



@article{helicity,
    author = "Moortgat-Pick, G. and others",
    title = "{The Role of Polarized Positrons and Electrons in Revealing Fundamental Interactions at the Linear Collider}",
    eprint = "hep-ph/0507011",
    archivePrefix = "arXiv",
    reportNumber = "CERN-PH-TH-2005-036, DCPT-04-100, DESY-05-059, FERMILAB-PUB-05-060-T, IPPP-04-50, KEK-2005-16, PRL-TH-05-01, SHEP-05-03, SLAC-PUB-11087",
    doi = "10.1016/j.physrep.2007.12.003",
    journal = "Phys. Rept.",
    volume = "460",
    pages = "131--243",
    year = "2008"
}

@book{thomson,
    author = "Thomson, Mark",
    title = "{Modern Particle Physics}",
    isbn = "978-1-107-03426-6",
    publisher = "Cambridge University Press",
    address = "New York",
    year = "2013"
}


@article{tdraccel,
    editor = "Adolphsen, Chris and others",
    title = "{The International Linear Collider Technical Design Report - Volume 3.II: Accelerator Baseline Design}",
    eprint = "1306.6328",
    archivePrefix = "arXiv",
    primaryClass = "physics.acc-ph",
    reportNumber = "ILC-REPORT-2013-040, ANL-HEP-TR-13-20, BNL-100603-2013-IR, IRFU-13-59, CERN-ATS-2013-037, COCKCROFT-13-10, CLNS-13-2085, DESY-13-062, FERMILAB-TM-2554, IHEP-AC-ILC-2013-001, INFN-13-04-LNF, JAI-2013-001, JINR-E9-2013-35, JLAB-R-2013-01, KEK-REPORT-2013-1, KNU-CHEP-ILC-2013-1, LLNL-TR-635539, SLAC-R-1004, ILC-HIGRADE-REPORT-2013-003",
    year = "2013"
}

@article{tdrdet,
    author = "Abramowicz, Halina and others",
    editor = "Behnke, Ties and Brau, James E. and Burrows, Philip N. and Fuster, Juan and Peskin, Michael and Stanitzki, Marcel and Sugimoto, Yasuhiro and Yamada, Sakue and Yamamoto, Hitoshi",
    title = "{The International Linear Collider Technical Design Report - Volume 4: Detectors}",
    eprint = "1306.6329",
    archivePrefix = "arXiv",
    primaryClass = "physics.ins-det",
    reportNumber = "ILC-REPORT-2013-040, ANL-HEP-TR-13-20, BNL-100603-2013-IR, IRFU-13-59, CERN-ATS-2013-037, COCKCROFT-13-10, CLNS-13-2085, DESY-13-062, FERMILAB-TM-2554, IHEP-AC-ILC-2013-001, INFN-13-04-LNF, JAI-2013-001, JINR-E9-2013-35, JLAB-R-2013-01, KEK-REPORT-2013-1, KNU-CHEP-ILC-2013-1, LLNL-TR-635539, SLAC-R-1004, ILC-HIGRADE-REPORT-2013-003",
    month = "6",
    year = "2013"
}


@inproceedings{pfa,
    author = "Marshall, J.S. and Thomson, M.A.",
    title = "{Pandora Particle Flow Algorithm}",
    booktitle = "{International Conference on Calorimetry for the High Energy Frontier}",
    eprint = "1308.4537",
    archivePrefix = "arXiv",
    primaryClass = "physics.ins-det",
    pages = "305--315",
    year = "2013"
}


@inproceedings{lcio,
      author         = "Aplin, Steve and Engels, Jan and Gaede, Frank and Graf,
                        Norman A. and Johnson, Tony and McCormick, Jeremy",
      title          = "{LCIO: A Persistency Framework and Event Data Model for
                        HEP}",
      booktitle      = "{Proceedings, 2012 IEEE Nuclear Science Symposium and
                        Medical Imaging Conference (NSS/MIC 2012): Anaheim,
                        California, USA, October 29-November 3, 2012}",
      year           = "2012",
      url            = "http://www-public.slac.stanford.edu/sciDoc/docMeta.aspx?slacPubNumber=SLAC-PUB-15296",
      pages          = "2075-2079",
      doi            = "10.1109/NSSMIC.2012.6551478",
      reportNumber   = "SLAC-PUB-15296",
      SLACcitation   = "%%CITATION = SLAC-PUB-15296;%%"
}
@article{dd4hep,
      author         = "Sailer, A. and Frank, M. and Gaede, F. and Hynds, D. and
                        Lu, S. and Nikiforou, N. and Petric, M. and Simoniello, R.
                        and Voutsinas, G.",
      title          = "{DD4Hep based event reconstruction}",
      booktitle      = "{Proceedings, 22nd International Conference on Computing
                        in High Energy and Nuclear Physics (CHEP2016): San
                        Francisco, CA, October 14-16, 2016}",
      collaboration  = "CLICdp, ILD",
      journal        = "J. Phys. Conf. Ser.",
      volume         = "898",
      year           = "2017",
      number         = "4",
      pages          = "042017",
      doi            = "10.1088/1742-6596/898/4/042017",
      reportNumber   = "CLICdp-Conf-2017-002",
      SLACcitation   = "%%CITATION = 00462,898,042017;%%"
}

@inproceedings{whizard,
      author         = "Kilian, W. and Bach, F. and Ohl, T. and Reuter, J.",
      title          = "{WHIZARD 2.2 for Linear Colliders}",
      booktitle      = "{International Workshop on Future Linear Colliders
                        (LCWS13) Tokyo, Japan, November 11-15, 2013}",
      year           = "2014",
      eprint         = "1403.7433",
      archivePrefix  = "arXiv",
      primaryClass   = "hep-ph",
      reportNumber   = "DESY-14-045, SI-HEP-2014-07",
      SLACcitation   = "%%CITATION = ARXIV:1403.7433;%%"
}
@article{ilcsoft,
      author         = "Poeschl, R.",
      title          = "{Software Tools for ILC Detector Studies}",
      booktitle      = "{Proceedings, International Linear Collider Workshop
                        (LCWS07 and ILC07): Hamburg , Germany, May 30-June 3,
                        2007, Vol.1-2}",
      journal        = "eConf",
      volume         = "C0705302",
      year           = "2007",
      pages          = "PLE104",
      note           = "[,61(2007)]",
      reportNumber   = "LCWS-2007-PLE104",
      SLACcitation   = "%%CITATION = ECONF,C0705302,PLE104;%%"
}


@article{ilcop,
    author = "Barklow, T. and Brau, J. and Fujii, K. and Gao, J. and List, J. and Walker, N. and Yokoya, K.",
    title = "{ILC Operating Scenarios}",
    eprint = "1506.07830",
    archivePrefix = "arXiv",
    primaryClass = "hep-ex",
    reportNumber = "ILC-NOTE-2015-068, DESY-15-102, IHEP-AC-2015-002, KEK-PREPRINT --2015-17, SLAC-PUB-16309",
    month = "6",
    year = "2015"
}

@phdthesis{ivan,
    author = "Marchesini, Ivan",
    title = "{Triple gauge couplings and polarization at the ILC and leakage in a highly granular calorimeter}",
    reportNumber = "DESY-THESIS-2011-044",
    school = "Hamburg U.",
    year = "2011"
}

@article{taufinder,
      author        = "Muennich, A",
      title         = "{TauFinder: A Reconstruction Algorithm for $\tau$ Leptons at
                       Linear Colliders}",
      month         = "Oct",
      year          = "2010",
      reportNumber  = "LCD-Note-2010-009",
      url           = "http://cds.cern.ch/record/1443551",
}



@article{graham,
    author = "Fujii, Keisuke and others",
    collaboration = "LCC Physics Working Group",
    title = "{Tests of the Standard Model at the International Linear Collider}",
    eprint = "1908.11299",
    archivePrefix = "arXiv",
    primaryClass = "hep-ex",
    reportNumber = "DESY 19-146, KEK Preprint 2019-22, SLAC-PUB-17467, DESY-19-146",
    month = "8",
    year = "2019"
}

@article{geant4,
  title={GEANT4‚Äîa simulation toolkit},
  author={Agostinelli, Sea and others},
  journal={Nuclear instruments and methods in physics research section A: Accelerators, Spectrometers, Detectors and Associated Equipment},
  volume={506},
  number={3},
  pages={250--303},
  year={2003},
  publisher={Elsevier}
}

@article{ILDIDR,
    author = "Abramowicz, Halina and others",
    collaboration = "ILD Concept Group",
    title = "{International Large Detector: Interim Design Report}",
    eprint = "2003.01116",
    archivePrefix = "arXiv",
    primaryClass = "physics.ins-det",
    reportNumber = "DESY-20-034, KEK 2019-57",
    month = "3",
    year = "2020"
}


@misc{wwrepo,
  author = "Anguiano, Justin and Wilson, Graham",
  title = "ILDbench WWqqlnu",
  year = "2019",
  publisher = "GitHub",
  journal = "GitHub repository",
  howpublished = "\url{https://github.com/ILDAnaSoft/ILDbench_WWqqlnu.git}",
  commit = "dff81c9cf77904b84142ce972a7ba78b0328e2d2"
}
